@Article{journalpaper,
  author = {John Doe and B. Schmit},
  title = {{Novel approach to innovation and synergy}},
  journal = {Int. J. Sci. Tech.},
  year = 2012,
  volume = 54,
  number = 3,
  pages ={695-706},
  note = {}
}
@Book{book,
 author = {J. Doe},
 title = {{Important book title: A complete work}},
 publisher = {ACME},
 year = 2012
 }
@TechReport{paper,
  author = {C. F. D. Expert},
  title = {{CFD for Dummies}},
  year = 2010,
  type = {{AIAA Paper 2010--0000}},
}
@Misc{web,
author = {ICCFD Committee},
title = {{ICCFD Website}},
howpublished = {[http://www.iccfd.org/]},
year = {2012},
}
